@book{incert,
   title =     {An Introduction to Error Analysis: The Study of Uncertainties in Physical Measurements},
   author =    {John R. Taylor},
   publisher = {University Science Books},
   isbn =      {093570275X,9780935702750,0935702423},
   year =      {1997},
   series =    {},
   edition =   {2nd},
   volume =    {},
	 pages = {51},
}
@book{fisica_1,
	author = {Hecht, Eugene},
	title = {Óptica},
	year = 2002,
	edition = {5rd},
	publisher = {Addison Wesley},
	pages = {96-101}
}
@book{resnick,
	author = {Halliday, Resnick},
	title = {Física 1},
	year = 2011,
	publisher = {Grupo Editorial Patria},
}
@book{mont,
	author = {Montgomery, P. V.},
	title = {Introducción al Análisis de Regresión Lineal},
	year = 2006,
	publisher = {CECSA},
}
