
@book{alonso_finn,
   title =     {Fundamental University Physics II Fields And Waves},
   author =    {Edward J. Finn, Marcelo Alonso},
   publisher = {Addison-Wesley Publishing Company},
   isbn =      {},
   year =      {1967},
   series =    {Addison-Wesley Series In Physics},
	 chapter =   {21.4 Lenses},
	 pages = {834 - 836},
}
@book{incert,
   title =     {An Introduction to Error Analysis: The Study of Uncertainties in Physical Measurements},
   author =    {John R. Taylor},
   publisher = {University Science Books},
   isbn =      {093570275X,9780935702750,0935702423},
   year =      {1997},
   series =    {},
   edition =   {2nd},
   volume =    {},
	 pages = {51},
}
@book{serway,
   title =     {Fundamentos de física. vol. 2},
   author =    {Raymond A. Serway; Ana Elizabeth García Hernández; Chris Vuille; Ernesto Filio López},
   publisher = {Cengage Learning},
   isbn =      {9786074818789,6074818789},
   year =      {2013},
   edition =   {Novena edición.},
   url =       {http://gen.lib.rus.ec/book/index.php?md5=CFE7E46924625B5EF6E1E759581AAF53}
}
