
@book{alonso_finn,
   title =     {Fundamental University Physics II Fields And Waves},
   author =    {Edward J. Finn, Marcelo Alonso},
   publisher = {Addison-Wesley Publishing Company},
   isbn =      {},
   year =      {1967},
   series =    {Addison-Wesley Series In Physics},
	 chapter =   {21.4 Lenses},
	 pages = {834 - 836},
}
